@incollection{Goodfellow-et-al-2016,
    title = {7.1 Parameter Norm Penalties},
    booktitle={Deep Learning},
    pages={226-235},
    author={Ian Goodfellow and Yoshua Bengio and Aaron Courville},
    publisher={MIT Press},
    note={\url{http://www.deeplearningbook.org}},
    year={2016}
}