@inbook{gareth2023intro,
  author    = {James Gareth and Daniela Witten and Trevor Hastie and Robert Tibshirani},
  title     = {2.2.2 The Bias-Variance Trade-Off},
  booktitle = {An Introduction to Statistical Learning with Applications in Python},
  year      = {2023},
  publisher = {Springer},
  pages     = {31--34}
}

@inbook{jordan2006section1,
  title={Expectation and Covariances},
  author={Jordan, M. and Kleinberg, J. and Sch{\"o}lkopf, B.},
  booktitle={Pattern Recognition and Machine Learning},
  year={2006},
  chapter={1.2.2},
  pages={19-20},
}

@inbook{jordan2006section2,
  title={The Bias-Variance Decomposition},
  author={Jordan, M. and Kleinberg, J. and Sch{\"o}lkopf, B.},
  booktitle={Pattern Recognition and Machine Learning},
  year={2006},
  chapter={3.2},
  pages={147-152},
}